@BOOK{cramer2004essentials,
  title={Essentials of Computational Chemistry: Theories and Models},
  author={Cramer, Christopher J.},
  isbn={0-470-09182-7},
  year={c2004},
  publisher={John Wiley \& Sons, Ltd},
  volume={Second Edition},
  address={Chichester},
  note={XVII+579\,s.}
}

@book{leach2001molecular,
  title={Molecular Modelling: Principles and Applications},
  author={Andrew R. Leach},
  isbn={9780582382107},
  lccn={00046480},
  series={Pearson Education},
  url={https://encrypted.google.com/books?id=kB7jsbV-uhkC},
  year={2001},
  publisher={Prentice Hall}
}


%url={http://books.google.cz/books?id=BKJcbvzl0RsC},